%YAML 1.1
%TAG !u! tag:unity3d.com,2011:
--- !u!1 &102690
GameObject:
  m_ObjectHideFlags: 0
  m_PrefabParentObject: {fileID: 0}
  m_PrefabInternal: {fileID: 100100000}
  serializedVersion: 4
  m_Component:
  - 4: {fileID: 430206}
  - 114: {fileID: 11451362}
  - 212: {fileID: 21246844}
  - 114: {fileID: 11491104}
  - 95: {fileID: 9599246}
  - 50: {fileID: 5075560}
  - 114: {fileID: 11462308}
  - 58: {fileID: 5874458}
  - 114: {fileID: 11413986}
  - 58: {fileID: 5896538}
  - 114: {fileID: 11481182}
  - 114: {fileID: 11425390}
  - 114: {fileID: 11421662}
  m_Layer: 11
  m_Name: Player_2
  m_TagString: Player
  m_Icon: {fileID: 0}
  m_NavMeshLayer: 0
  m_StaticEditorFlags: 0
  m_IsActive: 1
--- !u!4 &430206
Transform:
  m_ObjectHideFlags: 1
  m_PrefabParentObject: {fileID: 0}
  m_PrefabInternal: {fileID: 100100000}
  m_GameObject: {fileID: 102690}
  m_LocalRotation: {x: 0, y: 0, z: 0, w: 1}
  m_LocalPosition: {x: -1.36000001, y: .50999999, z: 0}
  m_LocalScale: {x: 1, y: 1, z: 1}
  m_Children: []
  m_Father: {fileID: 0}
  m_RootOrder: 0
--- !u!50 &5075560
Rigidbody2D:
  m_ObjectHideFlags: 1
  m_PrefabParentObject: {fileID: 0}
  m_PrefabInternal: {fileID: 100100000}
  m_GameObject: {fileID: 102690}
  m_Mass: 1
  m_LinearDrag: 20
  m_AngularDrag: .0500000007
  m_GravityScale: 1
  m_FixedAngle: 1
  m_IsKinematic: 0
  m_Interpolate: 0
  m_SleepingMode: 1
  m_CollisionDetection: 1
--- !u!58 &5874458
CircleCollider2D:
  m_ObjectHideFlags: 1
  m_PrefabParentObject: {fileID: 0}
  m_PrefabInternal: {fileID: 100100000}
  m_GameObject: {fileID: 102690}
  m_Enabled: 1
  m_Material: {fileID: 0}
  m_IsTrigger: 0
  m_UsedByEffector: 0
  m_Offset: {x: 0, y: -.0599999987}
  serializedVersion: 2
  m_Radius: .0599999987
--- !u!58 &5896538
CircleCollider2D:
  m_ObjectHideFlags: 1
  m_PrefabParentObject: {fileID: 0}
  m_PrefabInternal: {fileID: 100100000}
  m_GameObject: {fileID: 102690}
  m_Enabled: 1
  m_Material: {fileID: 0}
  m_IsTrigger: 1
  m_UsedByEffector: 0
  m_Offset: {x: 0, y: -.0599999987}
  serializedVersion: 2
  m_Radius: .115000002
--- !u!95 &9599246
Animator:
  serializedVersion: 3
  m_ObjectHideFlags: 1
  m_PrefabParentObject: {fileID: 0}
  m_PrefabInternal: {fileID: 100100000}
  m_GameObject: {fileID: 102690}
  m_Enabled: 1
  m_Avatar: {fileID: 0}
  m_Controller: {fileID: 9100000, guid: ddcebd95c1727eb47a3b80e44b8bf2d0, type: 2}
  m_CullingMode: 0
  m_UpdateMode: 0
  m_ApplyRootMotion: 0
  m_LinearVelocityBlending: 0
  m_WarningMessage: 
  m_HasTransformHierarchy: 1
  m_AllowConstantClipSamplingOptimization: 1
--- !u!114 &11413986
MonoBehaviour:
  m_ObjectHideFlags: 1
  m_PrefabParentObject: {fileID: 0}
  m_PrefabInternal: {fileID: 100100000}
  m_GameObject: {fileID: 102690}
  m_Enabled: 1
  m_EditorHideFlags: 0
  m_Script: {fileID: 11500000, guid: 347896bf322c7884280b99a88cbe33e1, type: 3}
  m_Name: 
  m_EditorClassIdentifier: 
  Passive: 0
--- !u!114 &11421662
MonoBehaviour:
  m_ObjectHideFlags: 1
  m_PrefabParentObject: {fileID: 0}
  m_PrefabInternal: {fileID: 100100000}
  m_GameObject: {fileID: 102690}
  m_Enabled: 1
  m_EditorHideFlags: 0
  m_Script: {fileID: 11500000, guid: 1ccea7873bc2d0c47b7cdffa45243a91, type: 3}
  m_Name: 
  m_EditorClassIdentifier: 
  WeaponDistanceFromPlayer: .200000003
  MaxThrowForce: 300
  MinThrowHoldTime: .200000003
  MaxThrowHoldTime: 1.5
--- !u!114 &11425390
MonoBehaviour:
  m_ObjectHideFlags: 1
  m_PrefabParentObject: {fileID: 0}
  m_PrefabInternal: {fileID: 100100000}
  m_GameObject: {fileID: 102690}
  m_Enabled: 1
  m_EditorHideFlags: 0
  m_Script: {fileID: 11500000, guid: 4495412c1d89b824292336db9a8dc5c9, type: 3}
  m_Name: 
  m_EditorClassIdentifier: 
--- !u!114 &11451362
MonoBehaviour:
  m_ObjectHideFlags: 1
  m_PrefabParentObject: {fileID: 0}
  m_PrefabInternal: {fileID: 100100000}
  m_GameObject: {fileID: 102690}
  m_Enabled: 1
  m_EditorHideFlags: 0
  m_Script: {fileID: 11500000, guid: f3836883f6bb4604da8eec9dbc7ef97d, type: 3}
  m_Name: 
  m_EditorClassIdentifier: 
  PlayerNumber: 2
  PlayerColour: {r: .200000048, g: 1, b: 0, a: 1}
  LayerName: Player2
--- !u!114 &11462308
MonoBehaviour:
  m_ObjectHideFlags: 1
  m_PrefabParentObject: {fileID: 0}
  m_PrefabInternal: {fileID: 100100000}
  m_GameObject: {fileID: 102690}
  m_Enabled: 1
  m_EditorHideFlags: 0
  m_Script: {fileID: 11500000, guid: 6a1c497307a6ab3478ed3d22268a8285, type: 3}
  m_Name: 
  m_EditorClassIdentifier: 
  GrappleClip: {fileID: 8300000, guid: 83c5224b011d004469d634e145ae95a7, type: 3}
--- !u!114 &11481182
MonoBehaviour:
  m_ObjectHideFlags: 1
  m_PrefabParentObject: {fileID: 0}
  m_PrefabInternal: {fileID: 100100000}
  m_GameObject: {fileID: 102690}
  m_Enabled: 1
  m_EditorHideFlags: 0
  m_Script: {fileID: 11500000, guid: 172cd8e0cb1a0a24581aaf9a8643246c, type: 3}
  m_Name: 
  m_EditorClassIdentifier: 
  IsPlayer: 1
  TotalHealth: 100
  PlayerCorpseMinDuration: 5
  PlayerCorpseMaxDuration: 10
  PlayerMinRespawnDuration: 1
  PlayerMaxRespawnDuration: 3
  PlayerDeadSprites:
  - {fileID: 21300068, guid: e1c4b15a46e7e8347a03e1bfa019747c, type: 3}
  - {fileID: 21300070, guid: e1c4b15a46e7e8347a03e1bfa019747c, type: 3}
  - {fileID: 21300072, guid: e1c4b15a46e7e8347a03e1bfa019747c, type: 3}
  - {fileID: 21300074, guid: e1c4b15a46e7e8347a03e1bfa019747c, type: 3}
  SpawnedOnDeath:
  - {fileID: 129706, guid: da4ee32eb48e1814caf17d497862a086, type: 2}
  - {fileID: 155236, guid: 42c5021551913c94d99723027e4bfd39, type: 2}
  - {fileID: 111310, guid: 589cddc42dda61145accc31a4770b84e, type: 2}
  - {fileID: 155518, guid: fbee1dc8281016d45adc1658cd8929c7, type: 2}
  - {fileID: 107620, guid: c7a3a3815976ba44889ead5c180480e8, type: 2}
  - {fileID: 194426, guid: 797bec713134d77409b88026eafd6b61, type: 2}
  SpawnedOnDeathProbability: .574000001
  HurtClips:
  - {fileID: 8300000, guid: ac2a515048ffc39458af986dd113c97d, type: 3}
  - {fileID: 8300000, guid: cd4478113ab4871469b5a059780a45a7, type: 3}
  - {fileID: 8300000, guid: d39e97c8fa42c354c889a49d9a201368, type: 3}
  - {fileID: 8300000, guid: 6cfc357f8abf29e4c96402015c57eb77, type: 3}
  - {fileID: 8300000, guid: a99e1dae1d8f5b04889f4f248b8c9069, type: 3}
  - {fileID: 8300000, guid: 19f6e6e2156410b408feb654646e40cd, type: 3}
  - {fileID: 8300000, guid: 133d4b64dd39d9d46b016ead670e2d78, type: 3}
  - {fileID: 8300000, guid: 2d2f09bd067597547a1468d84b7e6e0d, type: 3}
  - {fileID: 8300000, guid: 0e316f1c31cbbe14c9aee88818caa4fe, type: 3}
  - {fileID: 8300000, guid: 265fbdab35d44b94cbd89a4816b1df62, type: 3}
  DeathClips:
  - {fileID: 8300000, guid: 0d1408d49c761394c981bcac97ec4fa2, type: 3}
  - {fileID: 8300000, guid: 991859522638d344aa4e6d84da114f2c, type: 3}
  - {fileID: 8300000, guid: d0a476f42d1e0af46b31dc0116e5d24e, type: 3}
  - {fileID: 8300000, guid: 7cbe3bba4ddacb042a6a747c9f2be8dc, type: 3}
  MinDamageForce: 5
  DamageInvulnerabilityTime: .5
  DamageFlash: 1
  SpawnEffectParticlePrefab: {fileID: 124136, guid: 8837983d3a8289b4e8080a969d91d4b7,
    type: 2}
--- !u!114 &11491104
MonoBehaviour:
  m_ObjectHideFlags: 1
  m_PrefabParentObject: {fileID: 0}
  m_PrefabInternal: {fileID: 100100000}
  m_GameObject: {fileID: 102690}
  m_Enabled: 1
  m_EditorHideFlags: 0
  m_Script: {fileID: 11500000, guid: 700cc5ea31ab1b14fac4c8b1033b55c0, type: 3}
  m_Name: 
  m_EditorClassIdentifier: 
  Speed: 20
  MaxDashForce: 350
  MaxDashHoldTime: 2
  MinDashHoldTime: .5
  DashDelay: .699999988
--- !u!212 &21246844
SpriteRenderer:
  m_ObjectHideFlags: 1
  m_PrefabParentObject: {fileID: 0}
  m_PrefabInternal: {fileID: 100100000}
  m_GameObject: {fileID: 102690}
  m_Enabled: 1
  m_CastShadows: 0
  m_ReceiveShadows: 0
  m_Materials:
  - {fileID: 10754, guid: 0000000000000000e000000000000000, type: 0}
  m_SubsetIndices: 
  m_StaticBatchRoot: {fileID: 0}
  m_UseLightProbes: 1
  m_ReflectionProbeUsage: 1
  m_ProbeAnchor: {fileID: 0}
  m_ScaleInLightmap: 1
  m_PreserveUVs: 0
  m_ImportantGI: 0
  m_AutoUVMaxDistance: .5
  m_AutoUVMaxAngle: 89
  m_LightmapParameters: {fileID: 0}
  m_SortingLayerID: -1589922173
  m_SortingOrder: -51
  m_Sprite: {fileID: 21300000, guid: e1c4b15a46e7e8347a03e1bfa019747c, type: 3}
  m_Color: {r: .200000048, g: 1, b: 0, a: 1}
--- !u!1001 &100100000
Prefab:
  m_ObjectHideFlags: 1
  serializedVersion: 2
  m_Modification:
    m_TransformParent: {fileID: 0}
    m_Modifications: []
    m_RemovedComponents: []
  m_ParentPrefab: {fileID: 0}
  m_RootGameObject: {fileID: 102690}
  m_IsPrefabParent: 1
